<?xml version="1.0" encoding="UTF-8"?><collection xmlns="http://www.loc.gov/MARC21/slim"><record><leader>00476nam--2200169-i-4500</leader><controlfield tag="001">000028803</controlfield><controlfield tag="002">20161230</controlfield><controlfield tag="005">20161230201037</controlfield><controlfield tag="008">060222s1000------------r-----000-0-fre-d</controlfield><datafield ind1=" " ind2=" " tag="040"><subfield code="a">IFIN-HH</subfield></datafield><datafield ind1=" " ind2=" " tag="041"><subfield code="a">fre</subfield></datafield><datafield ind1="1" ind2=" " tag="100"><subfield code="a">Lebeau, P</subfield></datafield><datafield ind1="1" ind2="0" tag="245"><subfield code="a">Les hautes temperatures et leurs utilisations en chimie</subfield><subfield code="b">Tome II</subfield><subfield code="c">R. Lebeau (Publie suos la direction de)</subfield></datafield><datafield ind1=" " ind2=" " tag="260"><subfield code="a">Paris, Masson Et Cie., 1950</subfield></datafield><datafield ind1=" " ind2=" " tag="300"><subfield code="a">688-1397P</subfield></datafield><datafield ind1=" " ind2=" " tag="852"><subfield code="a">650</subfield><subfield code="c">533.9</subfield></datafield><datafield ind1=" " ind2=" " tag="CAT"><subfield code="a">Sys</subfield><subfield code="c">20100916</subfield><subfield code="h">122911</subfield></datafield></record></collection>